@Book{silberschatz:1,
  author = 	 {Abraham Silberschatz},
  title = 	 {Operating System Concepts},
  publisher = 	 {Laurie Rosatone},
  year = 	 {2018},
  edition = 	 {10th}
}

@misc{pipe:1,
  title = {Unix pipe implementation},
  howpublished = {\url{https://toroid.org/unix-pipe-implementation}},
  note = {Accessed: 2022-08-19},
  year = {2020}
}

@misc{ipclinux:1,
    title = {A guide to inter-process communication in Linux},
    howpublished = {\url{https://opensource.com/sites/default/files/gated-content/inter-process_communication_in_linux.pdf}},
    note = {Accessed: 2022-08-19},
    year = {2019}
}

@misc{pipe:2,
    title = {pipe7},
    howpublished = {\url{https://man7.org/linux/man-pages/man7/pipe.7.html}},
    note = {Accessed: 2022-08-19},
    year = {2021}
}

@misc{fifo:1,
    title = {mkfifo3},
    howpublished = {\url{https://man7.org/linux/man-pages/man3/mkfifo.3.html}},
    note = {Accessed: 2022-08-19},
    year = {2021}
}

@Book{linuxkernel:1,
    author = 	 {Daniel P. Bovet},
    title = 	 {Understanding the Linux Kernel},
    publisher = 	 {O'Reilly},
    year = 	 {2005},
    edition = 	 {3rd}
}

@misc{handles:1,
    title = {Handles and Objects},
    howpublished = {\url{https://docs.microsoft.com/en-us/windows/win32/sysinfo/handles-and-objects}},
    note = {Accessed: 2022-08-21},
    year = {2022}
}

@misc{winpipes:1,
    title = {Pipe Functions},
    howpublished = {\url{https://docs.microsoft.com/en-us/windows/win32/ipc/pipe-functions}},
    note = {Accessed: 2022-08-23},
    year = {2021}
}

@misc{winpipes:2,
    title = {CreateNamedPipeA fucntion},
    howpublished = {\url{https://docs.microsoft.com/en-us/windows/win32/api/winbase/nf-winbase-createnamedpipea}},
    note = {Accessed: 2022-08-23},
    year = {2022}
}

@misc{winmailslot:1,
    title = {Using a Mailslot for IPC},
    howpublished = {\url{https://docs.microsoft.com/en-us/windows/win32/ipc/interprocess-communications#using-a-mailslot-for-ipc}},
    note = {Accessed: 2022-08-22},
    year = {2021}
}

@misc{winmailslot:2,
    title = {Creating a Mailslot},
    howpublished = {\url{https://docs.microsoft.com/en-us/windows/win32/ipc/creating-a-mailslot}},
    note = {Accessed: 2022-08-22},
    year = {2021}
}

@misc{winfilemapping:1,
    title = {File Mapping},
    howpublished = {\url{https://docs.microsoft.com/en-us/windows/win32/memory/file-mapping}},
    note = {Accessed: 2022-08-22},
    year = {2021}
}

@Book{macosipc:1,
    author = 	 {Hem Dutt},
    title = 	 {Interprocess Communication with MacOS: Apple IPC Methods},
    publisher = 	 {Apress},
    year = 	 {2021},
    edition = 	 {1st}
}

@Book{osxinternals:1,
    author = 	 {Jonathan Levin},
    title = 	 {Mac OS X and iOS Internals},
    publisher = 	 {John Wiley & Sons, Inc.},
    year = 	 {2013},
    edition = 	 {1st}
}

@Book{osxsystem:1,
    author = 	 {Amit Singh},
    title = 	 {Mac OS X Internals: A Systems Approach},
    publisher = 	 {Addison Wesley Professional},
    year = 	 {2006},
    edition = 	 {1st}
}